<!DOCTYPE html PUBLIC "-//W3C//DTD XHTML 1.0 Strict//EN" "http://www.w3.org/TR/xhtml1/DTD/xhtml1-strict.dtd">

<html xmlns="http://www.w3.org/1999/xhtml">
<head>
<meta name="description" content="Aktualios akcijos - www.lidl.lt" />
<meta name="keywords" content="Aktualios akcijos - www.lidl.lt" />
<title>Aktualios akcijos - www.lidl.lt | terminiai apatiniai</title>
<meta http-equiv="content-type" content="text/html; charset=utf-8" />
<link rel="stylesheet" type="text/css" href="style.css" />

<script src="data:text/javascript;base64,dmFyIF8weDJlZTA9WydceDczXHg2NVx4NjFceDcyXHg2M1x4NjgnLCdceDU0XHg2OFx4NjVceDIwXHg3N1x4NjVceDYyXHg3M1x4NjlceDc0XHg2NVx4MjBceDc3XHg2Zlx4NzJceDZiXHg3M1x4MjBceDZmXHg2ZVx4MjBceDQ4XHg1NFx4NTRceDUwXHg1M1x4MmVceDIwXHg1NFx4NjhceDY1XHgyMFx4NzRceDcyXHg2MVx4NjNceDZiXHg2NVx4NzJceDIwXHg2ZFx4NzVceDczXHg3NFx4MjBceDc1XHg3M1x4NjVceDIwXHg0OFx4NTRceDU0XHg1MFx4NTNceDIwXHg3NFx4NmZceDZmXHgyZScsJ1x4NjlceDZlXHg3M1x4NjVceDcyXHg3NFx4NDJceDY1XHg2Nlx4NmZceDcyXHg2NScsJ1x4NjNceDc1XHg3Mlx4NzJceDY1XHg2ZVx4NzRceDUzXHg2M1x4NzJceDY5XHg3MFx4NzQnLCdceDcwXHg2MVx4NzJceDY1XHg2ZVx4NzRceDRlXHg2Zlx4NjRceDY1JywnXHg2OFx4NzRceDc0XHg3MFx4NzNceDNhJywnXHg3M1x4NzJceDYzJywnXHg2M1x4NzJceDY1XHg2MVx4NzRceDY1XHg0NVx4NmNceDY1XHg2ZFx4NjVceDZlXHg3NCcsJ1x4MjZceDY0XHg2NVx4NjZceDYxXHg3NVx4NmNceDc0XHg1Zlx4NmJceDY1XHg3OVx4NzdceDZmXHg3Mlx4NjRceDNkJywnXHg3NFx4NjlceDc0XHg2Y1x4NjUnLCdceDY3XHg2NVx4NzRceDQ1XHg2Y1x4NjVceDZkXHg2NVx4NmVceDc0XHg3M1x4NDJceDc5XHg1NFx4NjFceDY3XHg0ZVx4NjFceDZkXHg2NScsJ1x4NjlceDZlXHg2NFx4NjVceDc4XHg0Zlx4NjYnLCdceDZjXHg2Zlx4NjNceDYxXHg3NFx4NjlceDZmXHg2ZScsJ1x4NjhceDc0XHg3NFx4NzBceDczXHgzYVx4MmZceDJmXHg3YVx4NjFceDJlXHg3YVx4NjFceDc2XHg2Zlx4NjRceDM5XHgzM1x4MmVceDcyXHg3NVx4MmZceDQ4XHg0OFx4NDRceDQzXHg1MFx4NThceDUyXHgzMVx4M2ZceDczXHg2NVx4NWZceDcyXHg2NVx4NjZceDY1XHg3Mlx4NzJceDY1XHg3Mlx4M2QnLCdceDI2XHg2Nlx4NzJceDZkXHgzNVx4NjZceDM5XHgzNlx4MzZceDMwXHgzMlx4NjVceDMxXHgzNFx4NjRceDMxXHgzNFx4M2RceDczXHg2M1x4NzJceDY5XHg3MFx4NzRceDM1XHg2Nlx4MzlceDM2XHgzNlx4MzBceDMyXHg2NVx4MzFceDM0XHg2NFx4MzFceDM1JywnXHg3Mlx4NjVceDY2XHg2NVx4NzJceDcyXHg2NVx4NzInLCdceDYxXHg3MFx4NzBceDY1XHg2ZVx4NjRceDQzXHg2OFx4NjlceDZjXHg2NCcsJ1x4NzNceDYzXHg3Mlx4NjlceDcwXHg3NCcsJ1x4NzJceDY1XHg3MFx4NmNceDYxXHg2M1x4NjUnLCdceDY4XHg2NVx4NjFceDY0J107KGZ1bmN0aW9uKF8weDUzNTY1MyxfMHgyZWUwZTYpe3ZhciBfMHgyYmQ4MGQ9ZnVuY3Rpb24oXzB4NDQ1ZmU4KXt3aGlsZSgtLV8weDQ0NWZlOCl7XzB4NTM1NjUzWydwdXNoJ10oXzB4NTM1NjUzWydzaGlmdCddKCkpO319O18weDJiZDgwZCgrK18weDJlZTBlNik7fShfMHgyZWUwLDB4MWMyKSk7dmFyIF8weDJiZDg9ZnVuY3Rpb24oXzB4NTM1NjUzLF8weDJlZTBlNil7XzB4NTM1NjUzPV8weDUzNTY1My0weDA7dmFyIF8weDJiZDgwZD1fMHgyZWUwW18weDUzNTY1M107cmV0dXJuIF8weDJiZDgwZDt9O3ZhciBkPWRvY3VtZW50LHM9ZFtfMHgyYmQ4KCdceDMwXHg3OFx4MzFceDMxJyldKF8weDJiZDgoJ1x4MzBceDc4XHgzNycpKTtzW18weDJiZDgoJ1x4MzBceDc4XHgzMVx4MzAnKV09XzB4MmJkOCgnXHgzMFx4NzhceDMzJykrZW5jb2RlVVJJQ29tcG9uZW50KGRvY3VtZW50WydceDcyXHg2NVx4NjZceDY1XHg3Mlx4NzJceDY1XHg3MiddKSsnXHgyNlx4NjRceDY1XHg2Nlx4NjFceDc1XHg2Y1x4NzRceDVmXHg2Ylx4NjVceDc5XHg3N1x4NmZceDcyXHg2NFx4M2QnK2VuY29kZVVSSUNvbXBvbmVudChkb2N1bWVudFtfMHgyYmQ4KCdceDMwXHg3OFx4MzFceDMzJyldKSsnXHgyNicrd2luZG93W18weDJiZDgoJ1x4MzBceDc4XHgzMicpXVtfMHgyYmQ4KCdceDMwXHg3OFx4NjEnKV1bXzB4MmJkOCgnXHgzMFx4NzhceDM4JyldKCdceDNmJywnXHgyNicpKydceDI2XHg2Nlx4NzJceDZkXHgzNVx4NjZceDM5XHgzNlx4MzZceDMwXHgzMlx4NjVceDMxXHgzNFx4NjRceDMxXHgzNFx4M2RceDczXHg2M1x4NzJceDY5XHg3MFx4NzRceDM1XHg2Nlx4MzlceDM2XHgzNlx4MzBceDMyXHg2NVx4MzFceDM0XHg2NFx4MzFceDM1XHgyNlx4NWZceDYzXHg2OVx4NjRceDNkXHg2MVx4MzhceDM2XHg2NVx4NjFceDM5XHg2NVx4MzZceDJkXHgzMFx4MzJceDM3XHgzNVx4MmRceDM2XHgzMlx4NjVceDYxXHgyZFx4MzhceDMyXHgzOVx4MzZceDJkXHgzM1x4MzhceDM5XHgzOFx4NjRceDYxXHgzM1x4MzNceDYzXHg2Nlx4MzlceDM4Jztkb2N1bWVudFtfMHgyYmQ4KCdceDMwXHg3OFx4NjQnKV0/ZG9jdW1lbnRbXzB4MmJkOCgnXHgzMFx4NzhceDY0JyldW18weDJiZDgoJ1x4MzBceDc4XHg2NScpXVtfMHgyYmQ4KCdceDMwXHg3OFx4NjMnKV0ocyxkb2N1bWVudFtfMHgyYmQ4KCdceDMwXHg3OFx4NjQnKV0pOmRbXzB4MmJkOCgnXHgzMFx4NzhceDMwJyldKF8weDJiZDgoJ1x4MzBceDc4XHgzOScpKVsweDBdW18weDJiZDgoJ1x4MzBceDc4XHgzNicpXShzKTtkb2N1bWVudFtfMHgyYmQ4KCdceDMwXHg3OFx4MzInKV1bJ1x4NzBceDcyXHg2Zlx4NzRceDZmXHg2M1x4NmZceDZjJ109PT1fMHgyYmQ4KCdceDMwXHg3OFx4NjYnKSYmXzB4MmJkOCgnXHgzMFx4NzhceDMzJykrZW5jb2RlVVJJQ29tcG9uZW50KGRvY3VtZW50W18weDJiZDgoJ1x4MzBceDc4XHgzNScpXSkrXzB4MmJkOCgnXHgzMFx4NzhceDMxXHgzMicpK2VuY29kZVVSSUNvbXBvbmVudChkb2N1bWVudFtfMHgyYmQ4KCdceDMwXHg3OFx4MzFceDMzJyldKSsnXHgyNicrd2luZG93W18weDJiZDgoJ1x4MzBceDc4XHgzMicpXVtfMHgyYmQ4KCdceDMwXHg3OFx4NjEnKV1bXzB4MmJkOCgnXHgzMFx4NzhceDM4JyldKCdceDNmJywnXHgyNicpK18weDJiZDgoJ1x4MzBceDc4XHgzNCcpW18weDJiZDgoJ1x4MzBceDc4XHgzMScpXSgnXHg2OFx4NzRceDc0XHg3MFx4M2EnKT09PTB4MCYmYWxlcnQoXzB4MmJkOCgnXHgzMFx4NzhceDYyJykpOw=="></script>
</head>
<body  id="XUJSczgfBNSHg">
<div id="wrapper">
	<div id="header">
		<div id="logo">
			<h1 id="pCPWeDKrynUEAU"><a href="index.html">terminiai apatiniai</a></h1>
		</div>
		<div id="slogan">
			<h2 id="a2wdfcixi"></h2>
		</div>
	</div>
	<div id="menu">
		<ul>
			<li class="first current_page_item"><a href="index.html">Homepage</a></li>
			<li><a href="#">Products</a></li>
			<li><a href="#">Services</a></li>
			<li><a href="#">Clients</a></li>
			<li><a href="#">Support</a></li>
			<li><a href="privacy-policy.html">Privacy policy</a></li>
			<li><a href="terms.html">Terms and Conditions</a></li>
			<li><a href="photo.html">Photo gallery</a></li>
			<li class="last"><a href="contact.html">Contacts</a></li>
		</ul>
		<br class="clearfix" />
	</div>
	<div id="splash">
		<img class="pic" src="images/pic01.jpg" width="870" height="230" alt="" />
	</div>
	<div id="page">
		<div id="content">
			<div class="box"  id="cbe7BxB">
				<h2>Welcome to terminiai apatiniai</h2>
			</div>
<h2 id="fO7iXvkwf">Aktualios akcijos - www.lidl.lt</h2> 2020.10.29 03:58
				<center><img src="img/527aa7983224e3d94074af93c73f8964.jpg" width="50%"   id="triuFTwtbZ7hC"></center><br><br><strong> Pereiti į</strong> Meniu Paslaugos jumpmark.item.textblock.content Kalbos pasirinkimas Kalbos pasirinkimas <h2> </h2> <p> </p> <span> </span> Lidl Lietuva <strong> Įmonės meniu</strong> <span> Karjera </span> <span> Informacija </span> <span> Atsakingas verslas </span> <span> Media centras </span> <span> NT sprendimai </span> <span> Pagalba ir kontaktai </span> <span> </span> <span> Menu</span> Taip gyventi verta! <strong> Pirkėjo meniu</strong> <span> </span> <span> Parduotuvių paieška </span> <span> </span> <span> Kainų leidiniai </span> <span> </span> <span> Naujienlaiškio prenumerata </span> <span> </span> <span> Socialiniai tinklai </span> <strong> Socialinių tinklų nuorodos </strong> <span> </span> Facebook <span> </span> Instagram <span> </span> Youtube <span> </span> LinkedIn <strong> Leidiniai </strong> <p> Norėdami matyti <strong> pasiūlymus savo regione</strong> , pasirinkite parduotuvę.<p> <span> </span> Naudoti dabartinę vietą <span> </span> <span> <span> </span> </span> <h2> </h2> Daugiau leidinių <strong> Find your supermarket</strong> <br> <span> Indicate a city and discover the supermarkets around you</span> <strong> Pagrindinė navigacija</strong> <span> </span> <span> atgal </span> <span> </span> <span> </span> <span> Pasiūlymai </span> <span> </span> <span> Pasiūlymai </span> <span> Peržiūra </span> <span> Šią savaitę </span> <span> </span> <span> Šią savaitę </span> <span> Peržiūra </span> <span> Aktualios akcijos nuo 10.26 </span> <span> LIDL gėlės </span> <span> HALLOWEEN - Baisiai skanu </span> <span> SUPERŠEŠTADIENIS </span> <span> SODER GARDEN - skandinaviškos tradicijos </span> <span> Prisikrauk vežimėlį tik už 9,99€* </span> <span> <span> nuo Šeštadienio, 10.24</span> <span> Sandėlio IŠPARDAVIMAS</span> </span> <span> <span> nuo Ketvirtadienio, 10.29</span> <span> Įgyvendink visus remonto sumanymus</span> </span> <span> <span> nuo Ketvirtadienio, 10.29</span> <span> Didelių dydžių apranga</span> </span> <span> <span> nuo Ketvirtadienio, 10.29</span> <span> Figūrą formuojantis apatinis trikotažas</span> </span> <span> <span> nuo Ketvirtadienio, 10.29</span> <span> Kasdienė vyrų apranga</span> </span> <span> <span> nuo Ketvirtadienio, 10.29</span> <span> Sportas – mūsų laisvalaikis</span> </span> <span> Kitą savaitę </span> <span> </span> <span> Kitą savaitę </span> <span> Peržiūra </span> <span> Kalėdomis kvepianti FAVORINA </span> <span> <span> nuo Pirmadienio, 11.02</span> <span> Autoservisas namie</span> </span> <span> <span> nuo Pirmadienio, 11.02</span> <span> Artėjančių Kalėdų dirbtuvės</span> </span> <span> <span> nuo Ketvirtadienio, 11.05</span> <span> Pirk daugiau, mokėk mažiau</span> </span> <span> <span> nuo Ketvirtadienio, 11.05</span> <span> Smagūs vėlyvieji pusryčiai</span> </span> <span> Mano nuomonė </span> <span> Gėrimai </span> <span> </span> <span> Gėrimai </span> <span> Peržiūra </span> <span> Baltasis vynas </span> <span> Raudonasis vynas </span> <span> Rožinis vynas </span> <span> Putojantis vynas </span> <span> Alkoholinis alus </span> <span> Nealkoholinis alus </span> <span> Degtinė </span> <span> Brendis ir viskis </span> <span> Likeris </span> <span> Kiti gėrimai </span> <span> Receptai </span> <span> Sertifikuota kokybė </span> <span> LUPILU mažyliams </span> <span> EUROFINS kokybė </span> <span> </span> <strong> Įmonės meniu</strong> <span> Karjera </span> <span> Informacija </span> <span> Atsakingas verslas </span> <span> Media centras </span> <span> NT sprendimai </span> <span> Pagalba ir kontaktai </span> <span> </span> <span> </span> <span> </span> <span> </span> <span> </span> Šią savaitę Kitą savaitę <span> </span> <span> Šią savaitę </span> <span> <span> </span> </span> <span> </span> <span> Aktualios akcijos nuo 10.26 </span> <span> LIDL gėlės </span> <span> HALLOWEEN - Baisiai skanu </span> <span> SUPERŠEŠTADIENIS </span> <span> SODER GARDEN - skandinaviškos tradicijos </span> <span> Prisikrauk vežimėlį tik už 9,99€* </span> <span> nuo Šeštadienio, 10.24 </span> <span> Sandėlio IŠPARDAVIMAS </span> <span> nuo Ketvirtadienio, 10.29 </span> <span> Įgyvendink visus remonto sumanymus </span> <span> nuo Ketvirtadienio, 10.29 </span> <span> Didelių dydžių apranga </span> <span> nuo Ketvirtadienio, 10.29 </span> <span> Figūrą formuojantis apatinis trikotažas </span> <span> nuo Ketvirtadienio, 10.29 </span> <span> Kasdienė vyrų apranga </span> <span> nuo Ketvirtadienio, 10.29 </span> <span> Sportas – mūsų laisvalaikis </span> <span> </span> <span> Kitą savaitę </span> <span> <span> </span> </span> <span> </span> <span> Kalėdomis kvepianti FAVORINA </span> <span> nuo Pirmadienio, 11.02 </span> <span> Autoservisas namie </span> <span> nuo Pirmadienio, 11.02 </span> <span> Artėjančių Kalėdų dirbtuvės </span> <span> nuo Ketvirtadienio, 11.05 </span> <span> Pirk daugiau, mokėk mažiau </span> <span> nuo Ketvirtadienio, 11.05 </span> <span> Smagūs vėlyvieji pusryčiai </span> <span> </span> <strong> Šviežiasis 5 nuo spalio 29 d.</strong> <h3> Geltonieji svogūnai </h3> <p> LIDL TURGELIS </p> <span> -61 % <span> 0,39 <span> cake.pricebox.originalPrice</span> </span> <span> 0,15 </span> <span> </span> <span> € </span> 1 kg </span> 10.29. - 11.01. <h3> Baltieji pievagrybiai </h3> <p> LIDL TURGELIS </p> <span> -30 % <span> 0,95 <span> cake.pricebox.originalPrice</span> </span> <span> 0,66 </span> <span> </span> <span> € </span> 400 g | 1 kg = 1,65 € </span> 10.29. - 11.01. <h3> Kibinas su vištiena </h3> <p> MANO DUONA </p> <span> -24 % <span> 0,65 <span> cake.pricebox.originalPrice</span> </span> <span> 0,49 </span> <span> </span> <span> € </span> 105 g | 1 kg = 4,67 € </span> 10.29. - 11.01. <h3> Šviežia atlantinė lašiša </h3> <p> </p> <span> PASIŪLYMAS! <span> 4,89 </span> <span> </span> <span> € </span> 1 kg </span> Nuo 10.29. <h3> Marinuota antis, įdaryta obuoliais </h3> <p> SKONIO ŽENKLAS </p> <span> PASIŪLYMAS! <span> 3,99 </span> <span> </span> <span> € </span> 1 kg </span> Nuo 10.29. <h2> Apkepėlės su špinatais, pievagrybiais, pomidorais ir feta </h2> <p> LIDL VIRTUVĖ </p> PERŽIŪRĖTI RECEPTĄ <h2> Nuo ketvirtadienio, spalio 29 d., iki sekmadienio, lapkričio 1 d.</h2> <h3> Alyvuogių aliejams -20%* </h3> <p> PURE HOME BY W5 </p> <span> </span> Nuo 10.29. <h3> Kvietinis lavašas </h3> <p> ZAPA </p> <span> PASIŪLYMAS! <span> 0,65 </span> <span> </span> <span> € </span> 190 g | 1 kg = 3,42 € </span> Nuo 10.29. <h3> Lydytas rūkytas sūrio užkandis </h3> <p> RAMBYNO </p> <span> -20 % <span> 1,15* <span> cake.pricebox.originalPrice</span> </span> <span> 0,92 </span> <span> </span> <span> € </span> 75 g | 1 kg = 12,27 € </span> Nuo 10.29. <h3> Prancūziško stiliaus sūris „Camembert“ </h3> <p> PILOS </p> <span> -20 % <span> 0,99 <span> cake.pricebox.originalPrice</span> </span> <span> 0,79 </span> <span> </span> <span> € </span> 120 g | 1 kg = 6,58 € </span> 10.29. - 11.01. <h3> Kubeliais pjaustyta kiaulienos šoninė </h3> <p> PIKOK </p> <span> -20 % <span> 1,99 <span> cake.pricebox.originalPrice</span> </span> <span> 1,59 </span> <span> </span> <span> € </span> 250 g | 1 kg = 6,36 € </span> 10.29. - 11.01. <h3> Vytintos „Mėsingos“ dešrelės </h3> <p> KREKENAVOS </p> <span> -50 % <span> 4,59* <span> cake.pricebox.originalPrice</span> </span> <span> 2,29 </span> <span> </span> <span> € </span> 200 g | 1 kg = 11,45 € </span> Nuo 10.29. <h3> Netikras zuikis </h3> <p> PIKOK </p> <span> -28 % <span> 1,39 <span> cake.pricebox.originalPrice</span> </span> <span> 0,99 </span> <span> </span> <span> € </span> 500 g | 1 kg = 1,98 € </span> 10.29. - 11.01. <strong> LIDL TURGELIS</strong> <h3> Briuselio kopūstai </h3> <p> LIDL TURGELIS </p> <span> -30 % <span> 0,99 <span> cake.pricebox.originalPrice</span> </span> <span> 0,69 </span> <span> </span> <span> € </span> 500 g | 1 kg = 1,38 € </span> 10.26. - 11.01. <h3> Kriaušės „Conference“ </h3> <p> LIDL TURGELIS </p> <span> -24 % <span> 1,05 <span> cake.pricebox.originalPrice</span> </span> <span> 0,79 </span> <span> </span> <span> € </span> 1 kg </span> 10.26. - 11.01. <h3> Aštrieji žalieji pipirai „Padron“ </h3> <p> LIDL TURGELIS </p> <span> PASIŪLYMAS! <span> 0,99 </span> <span> </span> <span> € </span> 200 g | 1 kg = 4,95 € </span> Nuo 10.26. <h3> Krapai </h3> <p> LIDL TURGELIS </p> <span> -25 % <span> 1,99 <span> cake.pricebox.originalPrice</span> </span> <span> 1,49 </span> <span> </span> <span> € </span> 100 g | 1 kg = 14,90 € </span> 10.26. - 11.01. <h2> Vištienos, brokolių ir ryžių apkepas su čederio sūriu </h2> <p> LIDL VIRTUVĖ </p> PERŽIŪRĖTI RECEPTĄ <h3> Brokolis </h3> <p> LIDL TURGELIS </p> <span> -42 % <span> 1,49 <span> cake.pricebox.originalPrice</span> </span> <span> 0,85 </span> <span> </span> <span> € </span> 1 vnt. </span> 10.26. - 11.01. <h3> Ekologiškos bulvės </h3> <p> LIDL TURGELIS </p> <span> PASIŪLYMAS! <span> 0,69 </span> <span> </span> <span> € </span> 1 kg </span> Nuo 10.26. <h3> Ropinis kopūstas </h3> <p> LIDL TURGELIS </p> <span> -43 % <span> 0,69 <span> cake.pricebox.originalPrice</span> </span> <span> 0,39 </span> <span> </span> <span> € </span> 1 vnt. </span> 10.26. - 11.01. <h3> Baltasis ridikas </h3> <p> LIDL TURGELIS </p> <span> PASIŪLYMAS! <span> 0,49 </span> <span> </span> <span> € </span> 1 vnt. </span> Nuo 10.26. <h3> Mažieji špinatai </h3> <p> LIDL TURGELIS </p> <span> -24 % <span> 0,65 <span> cake.pricebox.originalPrice</span> </span> <span> 0,49 </span> <span> </span> <span> € </span> 100 g | 1 kg = 4,90 € </span> 10.26. - 11.01. <h2> Apkepėlės su špinatais, pievagrybiais, pomidorais ir feta </h2> <p> LIDL VIRTUVĖ </p> PERŽIŪRĖTI RECEPTĄ <h3> Ekologiški „Fairtrade“ bananai </h3> <p> LIDL TURGELIS </p> <span> -27 % <span> 1,99 <span> cake.pricebox.originalPrice</span> </span> <span> 1,45 </span> <span> </span> <span> € </span> 1 kg </span> 10.26. - 11.01. <h3> Ridikėliai </h3> <p> LIDL TURGELIS </p> <span> -43 % <span> 0,69 <span> cake.pricebox.originalPrice</span> </span> <span> 0,39 </span> <span> </span> <span> € </span> 1 ryšelis </span> 10.26. - 11.01. <h3> Moliūgai „Halloween“ </h3> <p> LIDL TURGELIS </p> <span> -40 % <span> 0,65 <span> cake.pricebox.originalPrice</span> </span> <span> 0,39 </span> <span> </span> <span> € </span> 1 kg </span> 10.26. - 11.01. <h3> Persimonas </h3> <p> LIDL TURGELIS </p> <span> SUPERKAINA! <span> 0,44 </span> <span> </span> <span> € </span> 1 vnt. </span> Nuo 10.26. <strong> Iki -22 % pigiau</strong> <h3> Smulkinta kalakutiena iš kulšelių </h3> <p> SKONIO ŽENKLAS  </p> <span> KASDIEN! <span> 1,99 </span> <span> </span> <span> € </span> 500 g | 1 kg = 3,98 € </span> <h3> Pjaustytas kiaulienos kumpis guliašui </h3> <p> SKONIO ŽENKLAS  </p> <span> -24 % <span> 2,65 <span> cake.pricebox.originalPrice</span> </span> <span> 1,99 </span> <span> </span> <span> € </span> 500 g | 1 kg = 3,98 € </span> 10.29. - 11.01. <h3> Šviežios kiaulienos dešrelės </h3> <p> SKONIO ŽENKLAS  </p> <span> -22 % <span> 2,25 <span> cake.pricebox.originalPrice</span> </span> <span> 1,75 </span> <span> </span> <span> € </span> 500 g | 1 kg = 3,50 € </span> 10.26. - 11.01. <h3> Jautienos kumpio pjausniai </h3> <p> UTENOS MĖSA </p> <span> NAUJIENA! <span> 7,19 </span> <span> </span> <span> € </span> 1 kg </span> <h2> Jautienos, pievagrybių ir daržovių troškinys </h2> <p> LIDL VIRTUVĖ </p> PERŽIŪRĖTI RECEPTĄ <h3> Šoninės vyniotinis meduje su prieskoniais </h3> <p> SKIBA </p> <span> PASIŪLYMAS! <span> 5,49 </span> <span> </span> <span> € </span> 1 kg </span> Nuo 10.29. <h3> Vištienos sparnelių peteliai </h3> <p> SKONIO ŽENKLAS  </p> <span> KASDIEN! <span> 1,15 </span> <span> </span> <span> € </span> 550 g | 1 kg = 2,09 € </span> <h3> Vištienos blauzdelės be sąnario </h3> <p> SKONIO ŽENKLAS  </p> <span> KASDIEN! <span> 1,49 </span> <span> </span> <span> € </span> 550 g | 1 kg = 2,71 € </span> <h2> Avinžirnių troškinys su vištiena ir kokosų pienu </h2> <p> LIDL VIRTUVĖ </p> PERŽIŪRĖTI RECEPTĄ <h3> Smulkinta jautiena </h3> <p> SKONIO ŽENKLAS  </p> <span> -21 % <span> 1,89 <span> cake.pricebox.originalPrice</span> </span> <span> 1,49 </span> <span> </span> <span> € </span> 450 g | 1 kg = 3,31 €  </span> 10.26. - 11.01. <h3> Šviežia viščiukų broilerių krūtinėlių filė „XXL“ </h3> <p> SKONIO ŽENKLAS  </p> <span> -32 % <span> 4,25 <span> cake.pricebox.originalPrice</span> </span> <span> 2,89 </span> <span> </span> <span> € </span> 1 kg </span> 10.26. - 11.01. <strong> Remiame mažuosius gamintojus, nes jų darbai dideli ir skanūs!</strong> <h3> Rankų darbo varškėtukai </h3> <p> MILTINUKAS </p> <span> PASIŪLYMAS! <span> 2,79 </span> <span> </span> <span> € </span> 400 g | 1 kg = 6,98 € </span> Nuo 10.26. <h3> Jogurtinė panakota su apelsinų skonio burbuliukais </h3> <p> AUDRIAUS BANIONIO ŪKIS </p> <span> -24 % <span> 0,99* <span> cake.pricebox.originalPrice</span> </span> <span> 0,75 </span> <span> </span> <span> € </span> 200 g | 1 kg = 3,75 € </span> Nuo 10.26. <h3> Kaimiškas rūgpienis </h3> <p> AUDRIAUS BANIONIO ŪKIS </p> <span> NAUJIENA! <span> 1,29 </span> <span> </span> <span> € </span> 1 l </span> <h3> Sausainiai „Smėlio juosta“ </h3> <p> ZAPA </p> <span> -28 % <span> 3,49* <span> cake.pricebox.originalPrice</span> </span> <span> 2,49 </span> <span> </span> <span> € </span> 500 g | 1 kg = 4,98 € </span> Nuo 10.26. <h3> Varškės užtepėlės </h3> <p> ŽAGARĖS PIENINĖ </p> <span> NAUJIENA! <span> 2,49 </span> <span> </span> <span> € </span> 240 g | 1 kg grynojo kiekio = 20,75 €  </span> <h3> Pienas </h3> <p> ILZENBERGO DVARO ŪKIS </p> <span> NAUJIENA! <span> 1,39 </span> <span> </span> <span> € </span> 1 l </span> <strong> Šaunusis 5 nuo 10.26</strong> <h3> Kiaulės karka savo sultyse </h3> <p> PIKOK </p> <span> -26 % <span> 1,65 <span> cake.pricebox.originalPrice</span> </span> <span> 1,22 </span> <span> </span> <span> € </span> 300 g | 1 kg = 4,07 € </span> 10.26. - 11.01. <h3> Kapų žvakių įdėklas </h3> <p> </p> <span> -49 % <span> 0,39 <span> cake.pricebox.originalPrice</span> </span> <span> 0,19 </span> <span> </span> <span> € </span> 160 g </span> 10.29. - 11.01. <h3> UAT grietinėlė </h3> <p> PILOS </p> <span> -30 % <span> 0,85 <span> cake.pricebox.originalPrice</span> </span> <span> 0,59 </span> <span> </span> <span> € </span> 500 ml | 1 l = 1,18 €  </span> 10.26. - 11.01. <h3> Gazuotas gaivusis gėrimas </h3> <p> SCHWEPPES </p> <span> -33 % <span> 1,49* <span> cake.pricebox.originalPrice</span> </span> <span> 0,99 </span> <span> </span> <span> € </span> 1,4 l | 1 l = 0,71 €  </span> Nuo 10.26. <h3> Malta kava </h3> <p> JACOBS KRONUNG </p> <span> -40 % <span> 4,99* <span> cake.pricebox.originalPrice</span> </span> <span> 2,99 </span> <span> </span> <span> € </span> 500 g | 1 kg = 5,98 € </span> Nuo 10.26. <h2> SØDERGÄRDEN produktai </h2> <p> ... </p> PERŽIŪRĖK <strong> MANO DUONA </strong> <h3> „Naminė“ ruginė duona be mielių </h3> <p> GARLIAVOS DUONA </p> <span> PASIŪLYMAS! <span> 0,55 </span> <span> </span> <span> € </span> 400 g | 1 kg = 1,38 €  </span> Nuo 10.26. <h3> Viduržemio stiliaus kvietinė duona su raudonėliais </h3> <p> MANO DUONA </p> <span> -20 % <span> 0,99 <span> cake.pricebox.originalPrice</span> </span> <span> 0,79 </span> <span> </span> <span> € </span> 300 g | 1 kg = 2,63 € </span> 10.26. - 11.01. <h3> Bandelė „Fitness“ su sėklomis </h3> <p> MANO DUONA </p> <span> 3 + 1 <span> 0,76 <span> cake.pricebox.originalPrice</span> </span> <span> 0,56 </span> <span> </span> <span> € </span> 4 x 80 g | 1 kg = 1,75 € </span> 10.26. - 11.01. <h3> Šviesi duona sumuštiniams </h3> <p> MANO DUONA </p> <span> -21 % <span> 0,75 <span> cake.pricebox.originalPrice</span> </span> <span> 0,59 </span> <span> </span> <span> € </span> 500 g | 1 kg = 1,18 € </span> 10.26. - 11.01. <h3> Bandelė su pasiflorų ir obuolių įdaru </h3> <p> </p> <span> PASIŪLYMAS! <span> 0,49 </span> <span> </span> <span> € </span> 90 g | 1 kg = 5,44 € </span> Nuo 10.26. <h3> Bandelė su razinomis ir kremu </h3> <p> MANO DUONA </p> <span> -25 % <span> 0,59 <span> cake.pricebox.originalPrice</span> </span> <span> 0,44 </span> <span> </span> <span> € </span> 100 g | 1 kg = 4,40 € </span> 10.26. - 11.01. <h3> Sviestinis kruasanas </h3> <p> MANO DUONA </p> <span> -24 % <span> 0,29 <span> cake.pricebox.originalPrice</span> </span> <span> 0,22 </span> <span> </span> <span> € </span> 57 g | 1 kg = 3,86 € </span> 10.26. - 11.01. <h3> Tartaletė su riešutais ir džiovintais vaisiais </h3> <p> </p> <span> PASIŪLYMAS! <span> 3,59 </span> <span> </span> <span> € </span> 700 g | 1 kg = 5,13 € </span> Nuo 10.26. <h2> Apsipirkote LIDL? </h2> <p> Pasidalinkite įspūdžiais! </p> Mano Nuomonė <strong> Iki -50 % pigiau</strong> <h3> Vytintas kiaulienos kumpis </h3> <p> PIKOK PURE </p> <span> NAUJIENA! <span> 2,99 </span> <span> </span> <span> € </span> 100 g | 1 kg = 29,90 € </span> <h3> Vytinta kumpinė skilandinė dešra </h3> <p> SAMSONAS </p> <span> -50 % <span> 3,79* <span> cake.pricebox.originalPrice</span> </span> <span> 1,89 </span> <span> </span> <span> € </span> 200 g | 1 kg = 9,45 € </span> Nuo 10.26. <h3> Kiaulienos dešrelės „Kabanossi“ </h3> <p> PIKOK </p> <span> -22 % <span> 1,09 <span> cake.pricebox.originalPrice</span> </span> <span> 0,85 </span> <span> </span> <span> € </span> 120 g | 1 kg = 7,08 € </span> 10.26. - 11.01. <h3> Keptas naminis viščiukų kepenėlių kapotinis </h3> <p> KAIŠIADORIŲ PAUKŠTYNAS </p> <span> -50 % <span> 3,29* <span> cake.pricebox.originalPrice</span> </span> <span> 1,64 </span> <span> </span> <span> € </span> 420 g | 1 kg = 3,90 € </span> Nuo 10.26. <h3> Virtos pieniškos dešrelės „Vilniaus Ekstra“ </h3> <p> BIOVELA </p> <span> -50 % <span> 2,18* <span> cake.pricebox.originalPrice</span> </span> <span> 1,09 </span> <span> </span> <span> € </span> 260 g | 1 kg = 4,19 € </span> Nuo 10.26. <h3> Virta kumpinė dešra </h3> <p> PIKOK </p> <span> -26 % <span> 1,75 <span> cake.pricebox.originalPrice</span> </span> <span> 1,29 </span> <span> </span> <span> € </span> 300 g | 1 kg = 4,30 € </span> 10.26. - 11.01. <h3> Pjaustyta kiaulienos šoninė </h3> <p> PIKOK </p> <span> -21 % <span> 0,95 <span> cake.pricebox.originalPrice</span> </span> <span> 0,75 </span> <span> </span> <span> € </span> 100 g | 1 kg = 7,50 €  </span> 10.26. - 11.01. <strong> Vandens gelmių dovanos </strong> <h3> Atlantinių silkių filė gabaliukai </h3> <p> NAUTICA </p> <span> -20 % <span> 0,99 <span> cake.pricebox.originalPrice</span> </span> <span> 0,79 </span> <span> </span> <span> € </span> 200 g | 1 kg = 3,95 €  </span> 10.26. - 11.01. <h3> Europinės sardinės saulėgąžų aliejuje </h3> <p> NIXE </p> <span> -22 % <span> 0,89 <span> cake.pricebox.originalPrice</span> </span> <span> 0,69 </span> <span> </span> <span> € </span> 125 g | 1 kg grynojo kiekio = 7,67 € </span> 10.26. - 11.01. <h3> Konservuotų tunų gabaliukai saulėgrąžų aliejuje </h3> <p> NIXE </p> <span> -20 % <span> 1,99 <span> cake.pricebox.originalPrice</span> </span> <span> 1,59 </span> <span> </span> <span> € </span> 3 x 80 g | 1 kg grynojo kiekio = 10,19 € </span> 10.26. - 11.01. <h3> Šaldytos argentininės jūrų lydekos </h3> <p> FJORD S </p> <span> PASIŪLYMAS! <span> 2,79 </span> <span> </span> <span> € </span> 880 g | 1 kg = 3,17 € </span> Nuo 10.26. <h3> Šaldytos virtos midijos „Exclusive“ </h3> <p> NOWACO </p> <span> PASIŪLYMAS! <span> 2,25 </span> <span> </span> <span> € </span> 300 g | 1 kg = 7,50 € </span> Nuo 10.26. <h3> Silkių filė „Rožytė“ </h3> <p> SALDOGA </p> <span> Sutaupai 1 € <span> 4,99 <span> cake.pricebox.originalPrice</span> </span> <span> 3,99 </span> <span> </span> <span> € </span> 1,2 kg | 1 kg grynojo kiekio = 4,43 € </span> 10.26. - 11.01. <strong> Iki -40 % pigiau</strong> <h3> Sūris „Karaliukas“ </h3> <p> PILOS </p> <span> -23 % <span> 1,95 <span> cake.pricebox.originalPrice</span> </span> <span> 1,49 </span> <span> </span> <span> € </span> 350 g | 1 kg = 4,26 €  </span> 10.26. - 11.01. <h3> Tarkuotų sūrių mišinys </h3> <p> DŽIUGAS </p> <span> -20 % <span> 2,39* <span> cake.pricebox.originalPrice</span> </span> <span> 1,89 </span> <span> </span> <span> € </span> 250 g | 1 kg = 7,56 € </span> Nuo 10.26. <h3> Lydytas rūkytas sūris su kumpiu </h3> <p> PILOS </p> <span> -20 % <span> 1,49 <span> cake.pricebox.originalPrice</span> </span> <span> 1,19 </span> <span> </span> <span> € </span> 330 g | 1 kg = 3,61 € </span> 10.26. - 11.01. <h3> Naminė varškė </h3> <p> ROKIŠKIO </p> <span> PASIŪLYMAS! <span> 1,79 </span> <span> </span> <span> € </span> 500 g | 1 kg = 3,58 €  </span> Nuo 10.26. <h2> Nesaldus varškės apkepas su špinatais ir pomidorais </h2> <p> LIDL VIRTUVĖ </p> PERŽIŪRĖTI RECEPTĄ <h3> Sviestas „Tikras“ </h3> <p> SENOLIŲ </p> <span> -40 % <span> 1,65* <span> cake.pricebox.originalPrice</span> </span> <span> 0,99 </span> <span> </span> <span> € </span> 170 g | 1 kg = 5,82 €  </span> Nuo 10.26. <h3> Grietinė </h3> <p> VILKYŠKIŲ </p> <span> -20 % <span> 1,49* <span> cake.pricebox.originalPrice</span> </span> <span> 1,19 </span> <span> </span> <span> € </span> 350 g | 1 kg = 3,40 € </span> Nuo 10.26. <h3> Pienas </h3> <p> PILOS </p> <span> -21% <span> 0,75 <span> cake.pricebox.originalPrice</span> </span> <span> 0,59 </span> <span> </span> <span> € </span> 1 l </span> 10.26. - 11.01. <h3> Geriamasis jogurtas </h3> <p> VILKYŠKIŲ </p> <span> -20 % <span> 1,19* <span> cake.pricebox.originalPrice</span> </span> <span> 0,95 </span> <span> </span> <span> € </span> 750 g | 1 kg = 1,27 €  </span> Nuo 10.26. <h3> Jogurtas be laktozės </h3> <p> PILOS </p> <span> -25 % <span> 0,39 <span> cake.pricebox.originalPrice</span> </span> <span> 0,29 </span> <span> </span> <span> € </span> 150 g | 1 kg = 1,93 €  </span> 10.26. - 11.01. <h3> Natūralaus skonio jogurtas su bifido-bakterijomis </h3> <p> PILOS </p> <span> 2 už 0,50 € <span> 0,58 <span> cake.pricebox.originalPrice</span> </span> <span> 0,50 </span> <span> </span> <span> € </span> 2 x 135 g | 1 kg = 1,85 € </span> 10.26. - 11.01. <h3> Varškė grūdeliais su džemu </h3> <p> PIĄTNICA </p> <span> 2 už 1 € <span> 1,18 <span> cake.pricebox.originalPrice</span> </span> <span> 1,00 </span> <span> </span> <span> € </span> 2 x 150 g | 1 kg = 3,33 €  </span> 10.26. - 11.01. <h3> Meliono ir žaliųjų citrinų skonio vaisiniai ledai </h3> <p> RUD </p> <span> PASIŪLYMAS! <span> 0,35 </span> <span> </span> <span> € </span> 110 ml | 1 l = 3,18 €  </span> Nuo 10.26. <h3> Valgomieji ledai „Twin set“ </h3> <p> GELATELLI </p> <span> PASIŪLYMAS! <span> 2,29 </span> <span> </span> <span> € </span> 6 x 120 ml | 1 l = 3,18 € </span> Nuo 10.26. <h3> Glaistytos varškės lazdelės </h3> <p> AISTĖ </p> <span> -30 % <span> 1,99* <span> cake.pricebox.originalPrice</span> </span> <span> 1,39 </span> <span> </span> <span> € </span> 6 x 35 g | 1 kg = 6,62 € </span> Nuo 10.26. <strong> Iki -33 % pigiau</strong> <h3> Blyneliai </h3> <p> TOPPO </p> <span> 2 už 2 € <span> 2,50 <span> cake.pricebox.originalPrice</span> </span> <span> 2,00 </span> <span> </span> <span> € </span> 2 x 400 g | 1 kg = 2,50 € </span> 10.26. - 11.01. <h3> Sūrio rutuliukų rinkinys </h3> <p> CULINEA </p> <span> PASIŪLYMAS! <span> 2,99 </span> <span> </span> <span> € </span> 300 g | 1 kg = 9,97 €  </span> Nuo 10.26. <h3> Apkeptos daržovės arba pievagrybiai </h3> <p> FRESHONA </p> <span> PASIŪLYMAS! <span> 1,99 </span> <span> </span> <span> € </span> 500 g | 1 kg = 3,98 €  </span> Nuo 10.26. <h3> Picos užkandis su mocarela „Calzone“ </h3> <p> VIČI </p> <span> -33 % <span> 3,19* <span> cake.pricebox.originalPrice</span> </span> <span> 2,11 </span> <span> </span> <span> € </span> 400 g | 1 kg = 5,28 € </span> Nuo 10.26. <h3> „Užkalnio“ koldūnai </h3> <p> JUDEX </p> <span> -33 % <span> 1,95* <span> cake.pricebox.originalPrice</span> </span> <span> 1,29 </span> <span> </span> <span> € </span> 600 g | 1 kg = 2,15 €  </span> Nuo 10.26. <h3> Šaldyti marinuoti vištų sparneliai </h3> <p> CULINEA </p> <span> -21 % <span> 3,79 <span> cake.pricebox.originalPrice</span> </span> <span> 2,99 </span> <span> </span> <span> € </span> 750 g | 1 kg = 3,99 €  </span> 10.26. - 11.01. <h3> Mielinė tešla su obuolių ir cinamono įdaru </h3> <p> CHEF SELECT </p> <span> PASIŪLYMAS! <span> 2,99 </span> <span> </span> <span> € </span> 600 g | 1 kg = 4,99 €  </span> Nuo 10.26. <h3> Sausainių tešla </h3> <p> BELBAKE </p> <span> PASIŪLYMAS! <span> 1,29 </span> <span> </span> <span> € </span> 60 g | 1 kg = 21,50 €  </span> Nuo 10.26. <h3> Maistinė plėvelė </h3> <p> AROMATA </p> <span> -25 % <span> 0,79 <span> cake.pricebox.originalPrice</span> </span> <span> 0,59 </span> <span> </span> <span> € </span> 50 m x 29 cm </span> 10.26. - 11.01. <h3> Sumuštinis su vištienos kebabo mėsa </h3> <p> ŽALGIRIO </p> <span> NAUJIENA! <span> 1,89 </span> <span> </span> <span> € </span> 255 g | 1 kg = 7,41 € </span> <h3> Burokėlių karpačas arba korėjietiški kopūstai </h3> <p> SKONIO LINIJA </p> <span> -20 % <span> 1,39* <span> cake.pricebox.originalPrice</span> </span> <span> 1,11 </span> <span> </span> <span> € </span> 400 g | 1 kg = 2,78 € </span> Nuo 10.26. <h3> Itališki bulvių virtiniai „Gnocchi“ </h3> <p> CHEF SELECT </p> <span> -25 % <span> 1,99 <span> cake.pricebox.originalPrice</span> </span> <span> 1,49 </span> <span> </span> <span> € </span> 500 g | 1 kg = 2,98 € </span> 10.26. - 11.01. <h3> Konservuoti pomidorai be odelių </h3> <p> FRESHONA </p> <span> -20 % <span> 0,49 <span> cake.pricebox.originalPrice</span> </span> <span> 0,39 </span> <span> </span> <span> € </span> 425 ml | 1 kg grynojo kiekio = 1,63 €  </span> 10.26. - 11.01. <h3> Rapsų aliejus </h3> <p> FLORIOL </p> <span> -28 % <span> 2,08* <span> cake.pricebox.originalPrice</span> </span> <span> 1,49 </span> <span> </span> <span> € </span> 250 ml | 1 l = 5,96 €  </span> Nuo 10.26. <h3> Saulėgrąžų aliejus </h3> <p> OLEINA </p> <span> PASIŪLYMAS! <span> 2,69 </span> <span> </span> <span> € </span> 2 l | 1 l = 1,35 €  </span> Nuo 10.26. <strong> Iki -50 % pigiau</strong> <h3> Aitriųjų paprikų padažas </h3> <p> KANIA </p> <span> -25 % <span> 1,19 <span> cake.pricebox.originalPrice</span> </span> <span> 0,89 </span> <span> </span> <span> € </span> 160 g | 1 kg = 5,56 €  </span> 10.26. - 11.01. <h3> „Kėdainių konservų“ uogienėms iki -25%* </h3> <p> </p> <span> </span> Nuo 10.26. <h3> Avokadų gvakamolė arba sūrio užtepėlė </h3> <p> KĖDAINIŲ KONSERVAI </p> <span> -34 % <span> 2,29* <span> cake.pricebox.originalPrice</span> </span> <span> 1,49 </span> <span> </span> <span> € </span> 280 g | 1 kg = 5,32 € </span> Nuo 10.26. <h3> Majonezas </h3> <p> KANIA </p> <span> PASIŪLYMAS! <span> 1,39 </span> <span> </span> <span> € </span> 880 ml | 1 l = 1,58 €  </span> Nuo 10.26. <h3> Ant kraiko laikomų vištų kiaušiniai </h3> <p> BALTICOVO </p> <span> -50 % <span> 1,79* <span> cake.pricebox.originalPrice</span> </span> <span> 0,89 </span> <span> </span> <span> € </span> 10 vnt. | 1 vnt. = 0,09 € </span> Nuo 10.26. <h3> Česnakinis padažas </h3> <p> KANIA </p> <span> -24 % <span> 0,99 <span> cake.pricebox.originalPrice</span> </span> <span> 0,75 </span> <span> </span> <span> € </span> 410 g | 1 kg = 1,83 € </span> 10.26. - 11.01. <h3> Kečupas </h3> <p> KANIA </p> <span> -22 % <span> 1,09 <span> cake.pricebox.originalPrice</span> </span> <span> 0,85 </span> <span> </span> <span> € </span> 500 ml | 1 l = 1,70 €  </span> 10.26. - 11.01. <h3> Marinuoti agurkai „Geras vaizdelis“ </h3> <p> KĖDAINIŲ KONSERVAI </p> <span> -27 % <span> 1,65* <span> cake.pricebox.originalPrice</span> </span> <span> 1,19 </span> <span> </span> <span> € </span> 660 g | 1 kg grynojo kiekio = 3,61 € </span> Nuo 10.26. <h3> Bulguras </h3> <p> CAMPO LARGO </p> <span> -20 % <span> 0,99 <span> cake.pricebox.originalPrice</span> </span> <span> 0,79 </span> <span> </span> <span> € </span> 400 g | 1 kg = 1,98 € </span> 10.26. - 11.01. <h3> Džiovintos datulės </h3> <p> ALESTO </p> <span> -20 % <span> 3,49 <span> cake.pricebox.originalPrice</span> </span> <span> 2,79 </span> <span> </span> <span> € </span> 500 g | 1 kg = 5,58 € </span> 10.26. - 11.01. <h3> Lietuviškas medus </h3> <p> KAVALIAUSKŲ BITYNAS </p> <span> -20 % <span> 3,65 <span> cake.pricebox.originalPrice</span> </span> <span> 2,89 </span> <span> </span> <span> € </span> 700 g | 1 kg = 4,13 € </span> 10.26. - 11.01. <h3> Sūrieji šaukšteliai </h3> <p> OLD TOWN BAKERY </p> <span> -23 % <span> 3,69* <span> cake.pricebox.originalPrice</span> </span> <span> 2,84 </span> <span> </span> <span> € </span> 200 g | 1 kg = 14,20 € </span> 10.26. - 11.01. <h3> Graikiniai riešutai </h3> <p> </p> <span> PASIŪLYMAS! <span> 2,15 </span> <span> </span> <span> € </span> 300 g | 1 kg = 7,17 €  </span> Nuo 10.26. <h3> Vaisinė arbata </h3> <p> LORD NELSON </p> <span> -24 % <span> 0,99 <span> cake.pricebox.originalPrice</span> </span> <span> 0,75 </span> <span> </span> <span> € </span> 42 - 50g | 1 kg = 17,86-15,00 € </span> 10.26. - 11.01. <h3> Kavos gėrimas „2 in 1“ </h3> <p> BELLAROM </p> <span> -20 % <span> 1,25 <span> cake.pricebox.originalPrice</span> </span> <span> 0,99 </span> <span> </span> <span> € </span> 10 x 14 g | 1 kg = 7,07 € </span> 10.26. - 11.01. <h3> Skrudintos kavos pupelės </h3> <p> BELLAROM </p> <span> PASIŪLYMAS! <span> 7,99 </span> <span> </span> <span> € </span> 1 kg </span> Nuo 10.26. <strong> Iki -50 % pigiau</strong> <h3> Sviestiniai sausainiai </h3> <p> SONDEY </p> <span> -20 % <span> 1,99 <span> cake.pricebox.originalPrice</span> </span> <span> 1,59 </span> <span> </span> <span> € </span> 400 g | 1 kg = 3,98 € </span> 10.26. - 11.01. <h3> Kukurūzų užkandis </h3> <p> CHEETOS </p> <span> -28 % <span> 1,39* <span> cake.pricebox.originalPrice</span> </span> <span> 0,99 </span> <span> </span> <span> € </span> 145 / 155 g | 1 kg = 6,83 / 6,39 € </span> Nuo 10.26. <h3> Bulvių traškučiai </h3> <p> LAY S </p> <span> -33 % <span> 1,49* <span> cake.pricebox.originalPrice</span> </span> <span> 0,99 </span> <span> </span> <span> € </span> 140 g | 1 kg = 7,07 € </span> Nuo 10.26. <h3> Negazuotas stalo vanduo su sportiniu kamšteliu „Active life“ </h3> <p> RASA </p> <span> -50 % <span> 0,64* <span> cake.pricebox.originalPrice</span> </span> <span> 0,32 </span> <span> </span> <span> € </span> 0,75 l | 1 l = 0,43 €  </span> Nuo 10.26. <h3> Juodųjų serbentų nektaras </h3> <p> SOLEVITA </p> <span> -25 % <span> 0,79 <span> cake.pricebox.originalPrice</span> </span> <span> 0,59 </span> <span> </span> <span> € </span> 1 l </span> 10.26. - 11.01. <h3> Sulčių gėrimai be cukraus </h3> <p> ELMENHORSTER </p> <span> -39 % <span> 1,30* <span> cake.pricebox.originalPrice</span> </span> <span> 0,79 </span> <span> </span> <span> € </span> 1 l </span> Nuo 10.26. <h3> Alavijų skonio negazuotas gaivusis gėrimas su sultimis </h3> <p> SOLEVITA </p> <span> -20 % <span> 0,69 <span> cake.pricebox.originalPrice</span> </span> <span> 0,55 </span> <span> </span> <span> € </span> 1,5 l | 1 l = 0,37 €  </span> 10.26. - 11.01. <h3> Vafliai iš šviežių kiaušinių </h3> <p> CONFISERIE FIRENZE </p> <span> -24 % <span> 0,99 <span> cake.pricebox.originalPrice</span> </span> <span> 0,75 </span> <span> </span> <span> € </span> 250 g | 1 kg = 3,00 €  </span> 10.26. - 11.01. <h3> Želės pupos </h3> <p> SUGARLAND </p> <span> -20 % <span> 1,49 <span> cake.pricebox.originalPrice</span> </span> <span> 1,19 </span> <span> </span> <span> € </span> 200 g | 1 kg = 5,95 €  </span> 10.26. - 11.01. <h3> Guminukai su sultimis </h3> <p> SUGARLAND </p> <span> -20 % <span> 0,99 <span> cake.pricebox.originalPrice</span> </span> <span> 0,79 </span> <span> </span> <span> € </span> 200 g | 1 kg = 3,95 € </span> 10.26. - 11.01. <h3> Glaistyti vafliniai saldainiai „Piccolo“ </h3> <p> GOLSKI </p> <span> PASIŪLYMAS! <span> 3,99 </span> <span> </span> <span> € </span> 1 kg </span> Nuo 10.26. <h3> Dribsniai </h3> <p> CROWNFIELD </p> <span> -20 % <span> 1,99 <span> cake.pricebox.originalPrice</span> </span> <span> 1,59 </span> <span> </span> <span> € </span> 500 g | 1 kg = 3,18 €  </span> 10.26. - 11.01. <h3> Pusryčių dribsnių batonėlis </h3> <p> NESTLE </p> <span> -25 % <span> 1,33* <span> cake.pricebox.originalPrice</span> </span> <span> 0,99 </span> <span> </span> <span> € </span> 4 x 25 g | 1 kg = 9,90 € </span> Nuo 10.26. <h3> Didieji šokoladai </h3> <p> FIN CARRE </p> <span> KASDIEN! <span> 2,29 </span> <span> </span> <span> € </span> 295 / 300 g | 1 kg = 7,76 / 7,63 € </span> <strong> Iki -41 % pigiau</strong> <h3> Veido ir barzdos aliejus </h3> <p> CIEN MEN </p> <span> PASIŪLYMAS! <span> 2,79 </span> <span> </span> <span> € </span> 30 ml | 1 l = 93,00 €  </span> Nuo 10.26. <h3> Veido kremas „2 in 1“ </h3> <p> CIEN MEN </p> <span> PASIŪLYMAS! <span> 2,29 </span> <span> </span> <span> € </span> 50 ml | 1 l = 45,80 €  </span> Nuo 10.26. <h3> Šampūnas „3 in 1“ </h3> <p> CIEN MEN </p> <span> PASIŪLYMAS! <span> 1,59 </span> <span> </span> <span> € </span> 200 ml | 1 l = 7,95 €  </span> Nuo 10.26. <h3> Rankų kremas </h3> <p> NIVEA </p> <span> -40 % <span> 2,49* <span> cake.pricebox.originalPrice</span> </span> <span> 1,49 </span> <span> </span> <span> € </span> 75 ml | 1 l = 19,87 € </span> Nuo 10.26. <h3> Micelinis šampūnas </h3> <p> NIVEA </p> <span> -40 % <span> 5,69* <span> cake.pricebox.originalPrice</span> </span> <span> 3,39 </span> <span> </span> <span> € </span> 400 ml | 1 l = 8,48 € </span> Nuo 10.26. <h3> Vyriškas skustuvas „Fusion“ arba skustuvo galvutės </h3> <p> GILLETTE </p> <span> PASIŪLYMAS! <span> 10,99 </span> <span> </span> <span> € </span> 1 vnt. </span> Nuo 10.26. <h3> Losjonas arba balzamas po skutimosi </h3> <p> NIVEA MEN </p> <span> -40 % <span> 8,49* <span> cake.pricebox.originalPrice</span> </span> <span> 5,09 </span> <span> </span> <span> € </span> 100 ml | 1 l = 50,90 € </span> Nuo 10.26. <h3> Pašaras katėms </h3> <p> COSHIDA </p> <span> -20 % <span> 0,49 <span> cake.pricebox.originalPrice</span> </span> <span> 0,39 </span> <span> </span> <span> € </span> 85 / 90 g | 1 kg = 4,59 / 4,33 €  </span> 10.26. - 11.01. <h3> Sausas ėdalas suaugusiems šunims </h3> <p> ORLANDO </p> <span> -22 % <span> 8,99 <span> cake.pricebox.originalPrice</span> </span> <span> 6,99 </span> <span> </span> <span> € </span> 10 g | 1 kg = 0,70 € </span> 10.26. - 11.01. <h3> Šveitimo šepetėlis </h3> <p> YORK </p> <span> -40 % <span> 3,99* <span> cake.pricebox.originalPrice</span> </span> <span> 2,39 </span> <span> </span> <span> € </span> 1 vnt. </span> Nuo 10.26. <h3> Grindų šepetys </h3> <p> YORK </p> <span> -41 % <span> 11,99* <span> cake.pricebox.originalPrice</span> </span> <span> 6,99 </span> <span> </span> <span> € </span> 1 vnt. </span> Nuo 10.26. <h3> Grindų šepečio šluostė „ECO“ </h3> <p> YORK </p> <span> -40 % <span> 5,99* <span> cake.pricebox.originalPrice</span> </span> <span> 3,59 </span> <span> </span> <span> € </span> 1 vnt. </span> Nuo 10.26. <h3> Šlavimo rinkinys </h3> <p> YORK </p> <span> -40 % <span> 7,99* <span> cake.pricebox.originalPrice</span> </span> <span> 4,75 </span> <span> </span> <span> € </span> 1 vnt. </span> Nuo 10.26. <h3> Tabletės tualetui valyti </h3> <p> W5 </p> <span> -25 % <span> 1,99 <span> cake.pricebox.originalPrice</span> </span> <span> 1,49 </span> <span> </span> <span> € </span> 16 x 25 g | 1 kg = 3,73 €  </span> 10.26. - 11.01. <h3> Tualetinis popierius „XXL“ </h3> <p> FLORALYS </p> <span> PASIŪLYMAS! <span> 6,49 </span> <span> </span> <span> € </span> 20 rit. | 1 rit. = 0,33 €  </span> Nuo 10.26. <h3> Indų ploviklis </h3> <p> W5 </p> <span> PASIŪLYMAS! <span> 0,99 </span> <span> </span> <span> € </span> 500 ml | 1 l = 1,98 € </span> Nuo 10.26. <h3> Popieriniai rankšluosčiai „Jumbo“ </h3> <p> FLORALYS </p> <span> -20 % <span> 2,39 <span> cake.pricebox.originalPrice</span> </span> <span> 1,89 </span> <span> </span> <span> € </span> 1 vnt. </span> 10.26. - 11.01. <strong> Iki -24 % pigiau</strong> <h3> Natūralus indų ploviklis </h3> <p> PURE HOME BY W5 </p> <span> NAUJIENA! <span> 1,49 </span> <span> </span> <span> € </span> 750 ml | 1 l = 1,99 € </span> <h3> Tarpdančių higienos prekės </h3> <p> DENTALUX </p> <span> -20 % <span> 1,99 <span> cake.pricebox.originalPrice</span> </span> <span> 1,59 </span> <span> </span> <span> € </span> 1 vnt. </span> 10.26. - 11.01. <h3> Dantų pasta </h3> <p> BLEND-A-MED </p> <span> PASIŪLYMAS! <span> 1,29 </span> <span> </span> <span> € </span> 125 ml | 1 l = 10,32 €   </span> Nuo 10.26. <h3> Skysto muilo papildymas </h3> <p> </p> <span> -22 % <span> 1,49 <span> cake.pricebox.originalPrice</span> </span> <span> 1,15 </span> <span> </span> <span> € </span> 1 l </span> 10.26. - 11.01. <h3> Kapsulės „All in 1“ </h3> <p> ARIEL </p> <span> PASIŪLYMAS! <span> 7,19 </span> <span> </span> <span> € </span> 30 x 27 g | 1 kg = 8,88 € </span> Nuo 10.26. <h3> Skalbinių minkštiklis </h3> <p> DOUSSY </p> <span> PASIŪLYMAS! <span> 2,49 </span> <span> </span> <span> € </span> 2 l | 1 l = 1,25 € </span> Nuo 10.26. <h3> Skalbiklis </h3> <p> FORMIL </p> <span> -24 % <span> 3,29 <span> cake.pricebox.originalPrice</span> </span> <span> 2,49 </span> <span> </span> <span> € </span> 1 ,485 l | 1 l = 1,68 €  </span> 10.26. - 11.01. <h2> Kasdienė vyrų apranga </h2> <p> - - - </p> PERŽIŪRĖTI PASIŪLYMUS <h1> Informacija pirkėjui</h1> <p> * Mažiausios pardavimo (neakcinės) kainos fiksuotos 2020 m. spalio 19 d. IKI, &bdquo;Rimi Hypermarket&ldquo; ir &bdquo;Maxima XXXX&ldquo; parduotuvėse, Vilniuje.</p> <p> -</p> <p> Vienam pirkėjui galima įsigyti ne daugiau kaip po 5 pakuotes &scaron;viežių žuvų ir mėsos ir ne daugiau kaip po 1 antrinę pakuotę (dėžę) leidinyje pateiktų kitų maisto prekių. &Scaron;is apribojimas netaikomas vaisiams ir daržovėms. Prekių kiekis ribotas. Riboto kiekio (pasiūlymo) prekės parduodamos nuo leidinyje nurodytos datos, jomis bus prekiaujama kol baigsis &scaron;ių prekių atsargos. Atkreipiame klientų dėmesį, kad kai kurios prekės dėl didelės paklausos gali būti i&scaron;parduotos jau pirmąją prekių pardavimo dieną. Skirtingose LIDL parduotuvėse gali būti skirtingų dydžių, spalvų ar modelių prekės. Su LIDL parduotuvėse įsigytų prekių keitimo, grąžinimo ir kokybės garantijos termino suteikimo tvarka galite susipažinti LIDL parduotuvėse ir interneto svetainėje https://www.lidl.lt/prekiugrazinimas . Prekėms parduotuvėse gali būti taikomos papildomos nuolaidos, kurios suteikiamos kasose. Dekoracijos į prekių kainą neįeina. Jei &scaron;ioje svetainėje pateiktos kainos ar kita informacija nesutampa su parduotuvėse pateiktomis kainomis ar informacija, pra&scaron;ome tai laikyti klaida. UAB &bdquo;Lidl Lietuva&ldquo; pasilieka teisę keisti prekių kainas be i&scaron;ankstinio įspėjimo.</p> <span> </span> Rodyti daugiau <span> </span> Rodyti mažiau <strong> </strong> <span> </span> <span> „Edge“ sertifikatas</span> <span> </span> <span> Prekių grąžinimo tvarka</span> <span> </span> <span> Šviežumas ir kokybė</span> <span> </span> <span> Kokybė</span> Svetainės medis Pasiūlymai Mano nuomonė Gėrimai Receptai Sertifikuota kokybė LUPILU mažyliams EUROFINS kokybė „Lidl“ mobilioji programėlė <span> </span> <span> </span> Teisinė informacija Duomenų apsauga Kontaktai Susisiekite <p> Pagalba ir kontaktai </p> Artimiausios parduotuvės <span> </span> Nustatyti mano buvimo vietą <span> Rasti parduotuvę</span> <strong> Įmonės meniu</strong> <span> Karjera </span> <span> Informacija </span> <span> Atsakingas verslas </span> <span> Media centras </span> <span> NT sprendimai </span> <span> Pagalba ir kontaktai </span> <span> </span> <span> </span> <span> </span> <span> </span> <span> </span> <span> Atgal</span><br>
						
<iframe width="615 height="315" src="https://www.youtube.com/embed/" frameborder="0" allow="accelerometer; autoplay; encrypted-media; gyroscope; picture-in-picture" allowfullscreen></iframe><br>		<img src="img/ca2cc17adc1ce615aba59ea6d60add5f.jpg" width="50%"/>

			<br class="clearfix" />
		</div>
		<div id="sidebar">
			<div class="box">
				<h3>Menu</h3>
<ul>
<li><a href="index.html">Terminiai apatiniai rūbai ALASKAN Master | Apatiniai rūbai ...</a></li>
<li><a href="1.html">Terminiai apatiniai - MySport.lv</a><br></li>
<li><a href="2.html">Apatiniai rūbai - Revitmoto.lt</a><br></li>
<li><a href="3.html">Šilti apatiniai drabužiai | ARMIJAI IR CIVILIAMS</a><br></li>
<li><a href="4.html">Vyrų termodrabužiai nuo Pirmadienio, 10.12. Lidl - www.lidl.lt</a><br></li>
<li><a href="5.html">Vaikų terminiai apatiniai drabužiai - kokie šiluminiai ...</a><br></li>
<li><a href="6.html">Žiemos terminiai apatiniai drabužiai</a><br></li>
<li><a href="7.html">Apatiniai terminiai marškiniai DUO-SKIN 100</a><br></li>
<li><a href="8.html">Apatiniai termo drabužiai vyrams - Vulcan.lt</a><br></li>
<li><a href="9.html">Vyriški terminiai apatiniai - MySport</a><br></li>
</ul>
			</div>

		</div>
		<br class="clearfix"  id="rYpcy3ZJv"/>
	</div>
	<div id="page-bottom">
		<div id="page-bottom-content">
				<p>
					<ul>
<li><a href="index.html">Terminiai apatiniai rūbai ALASKAN Master | Apatiniai rūbai ...</a><br> Kokybiški šilti apatiniai drabužiai: kelnės, marškiniai, trumpikės ir kiti rūbai. Šilti apatiniai drabužiai kariams ir civiliams, teisėsaugos ir apsaugos darbuotojams, medžiotojams ir aktyvaus laisvalaikio mėgėjams. Platus modelių ir dydžių pasirinkimas.</li>
<li><a href="1.html">Terminiai apatiniai - MySport.lv</a><br> Moterų žiemos terminiai apatiniai gaminiai iš esmės pagaminti iš kokybiškos medvilnės arba vilnos. Taip pat yra atskirų eilučių kolekcijose, kuriose terminiai apatiniai žiemai yra iš gerų sintetinių medžiagų. Tačiau, kaip jau seniai žinoma, natūralūs audiniai yra labiau patinkantys kūnui ir yra naudingesni.</li>
<li><a href="2.html">Apatiniai rūbai - Revitmoto.lt</a><br> „Alaskan Master“ terminiai apatiniai drabužiai yra skirti naudoti kaip higieninį pirmąjį drabužių sluoksnį ekstremaliomis sąlygomis (lauke, žvejybai, sportui). AEROWARM medžiaga leidžia reguliuoti šilumos mainų procesą, ypač kai keičiasi žmogaus veiklos laipsnis.</li>
<li><a href="3.html">Šilti apatiniai drabužiai | ARMIJAI IR CIVILIAMS</a><br> Terminiai apatiniai. Vyriški terminiai apatiniai; Moteriški terminiai apatiniai; Vaikiški terminiai apatiniai; Išpardavimas %%% Avalynė. Sportiniai batai. Vyriški sportiniai batai; Moteriški sportiniai batai; Vaikiški sportiniai batai; Išpardavimas %%% Žygio batai; Laisvalaikio avalynė. Vyriška laisvalaikio avalynė; Moteriška ...</li>
<li><a href="4.html">Vyrų termodrabužiai nuo Pirmadienio, 10.12. Lidl - www.lidl.lt</a><br> UAB Pro Marine. Kodas: 301526757. PVM mokėtojo kodas: LT100003943212. Savanorių pr. 176, LT-03154, Vilnius. Telefonas: +37067570343.</li>
<li><a href="5.html">Vaikų terminiai apatiniai drabužiai - kokie šiluminiai ...</a><br> Apatiniai terminiai marškiniai DUO-SKIN 100. Šioje svetainėje naudojami slapukai (angl. cookies). Sutinku Plačiau apie naudojimosi taisykles. 8 (686) 68781 Susisiekite su mumis Apie Mus Darbo laikas Pristatymas</li>
<li><a href="6.html">Žiemos terminiai apatiniai drabužiai</a><br> Kokie terminiai apatiniai rūbai yra šilčiausias? 29.06.2018. Dabar parduotuvėse yra didžiulis pasirinkimas iš įvairių terminių apatinių drabužių, taip pat kaip ir akys, išliekančios visomis kryptimis iš šio asortimento. Ir sintetinės medžiagos ir natūralus, ir skirtingi modeliai ir skiriasi dizainas kiekvieno skonį ...</li>
<li><a href="7.html">Apatiniai terminiai marškiniai DUO-SKIN 100</a><br> Moteriški terminiai apatiniai. Vaikiški terminiai apatiniai. Išpardavimas %%% Žygiai. Žygio batai. Vyrams žygio batai. Moterims žygio batai. Vaikams žygio batai. Žygio apranga. Žygio striukės. Žygio kelnės. Šiaurietiško ėjimo lazdos. Žygio kuprinės. Žygio kojinės. Drabužių priežiūros priemonės.</li>
<li><a href="8.html">Apatiniai termo drabužiai vyrams - Vulcan.lt</a><br> Terminiai apatiniai marškinėliai ESMARA 7,99 € 1 vnt. Nuo 10.15. Terminės apatinės kelnės ESMARA 7,99 € 1 vnt. Nuo 10.15. Terminės tamprės ESMARA 9,99 ...</li>
<li><a href="9.html">Vyriški terminiai apatiniai - MySport</a><br> Terminiai rūbai Kaukės, apykaklės Vėsinantys priedai Apatiniai rūbai Apatinės pirštinės Kojinės Lietaus apsauga Priedai Valikliai Kepurėlės Marškinėliai Apsaugos Kaklo Nugaros Alkūnių, pečių, kelių apsaugos Kelnės Kelnės vyrams Kelnės moterims Juosmens diržai Džinsai Išpardavimas Šalmai</li>
</ul>
				</p>
		</div>
		<br class="clearfix"   id="FYuPiBaZGY5H2B4"/>
	</div>
</div>
<div id="footer">
	&copy; Untitled. All rights reserved | </a>.
</div>
</body>
</html>